@Article{stroetmann:97,
  author =  {Karl Stroetmann},
  title =   {The Constrained Shortest Path Problem: A Case Study in Using ASMs},
  journal = {J.UCS},
  year =    {1997},
  volume =  {3},
  number =  {4},
  pages =   {304-319}
}

@InProceedings{stroetmann:97:2,
  author =    {Karl Stroetmann},
  title =     {From higher order terms to circuits},
  booktitle = {Logic and Scientific Methods},
  editor =    {M.L. Dalla Chiara et al.},
  year =      {1997},
  publisher = {Kluwer Academic Publishers},
  pages =     {209--220}
}
  